%YAML 1.1
%TAG !u! tag:unity3d.com,2011:
--- !u!1 &109254
GameObject:
  m_ObjectHideFlags: 1
  m_PrefabParentObject: {fileID: 0}
  m_PrefabInternal: {fileID: 100100000}
  serializedVersion: 5
  m_Component:
  - component: {fileID: 473760}
  - component: {fileID: 11402744}
  m_Layer: 8
  m_Name: imgStampCompleted (1)
  m_TagString: Untagged
  m_Icon: {fileID: 0}
  m_NavMeshLayer: 0
  m_StaticEditorFlags: 0
  m_IsActive: 0
--- !u!1 &139422
GameObject:
  m_ObjectHideFlags: 0
  m_PrefabParentObject: {fileID: 0}
  m_PrefabInternal: {fileID: 100100000}
  serializedVersion: 5
  m_Component:
  - component: {fileID: 434016}
  - component: {fileID: 11414930}
  m_Layer: 8
  m_Name: lbAchievementTitle
  m_TagString: Untagged
  m_Icon: {fileID: 0}
  m_NavMeshLayer: 0
  m_StaticEditorFlags: 0
  m_IsActive: 1
--- !u!1 &147380
GameObject:
  m_ObjectHideFlags: 0
  m_PrefabParentObject: {fileID: 0}
  m_PrefabInternal: {fileID: 100100000}
  serializedVersion: 5
  m_Component:
  - component: {fileID: 422086}
  - component: {fileID: 11456424}
  - component: {fileID: 11473972}
  m_Layer: 8
  m_Name: RewardDetail
  m_TagString: Untagged
  m_Icon: {fileID: 0}
  m_NavMeshLayer: 0
  m_StaticEditorFlags: 0
  m_IsActive: 1
--- !u!1 &150324
GameObject:
  m_ObjectHideFlags: 0
  m_PrefabParentObject: {fileID: 0}
  m_PrefabInternal: {fileID: 100100000}
  serializedVersion: 5
  m_Component:
  - component: {fileID: 424412}
  m_Layer: 8
  m_Name: imgOverlay
  m_TagString: Untagged
  m_Icon: {fileID: 0}
  m_NavMeshLayer: 0
  m_StaticEditorFlags: 0
  m_IsActive: 1
--- !u!1 &164200
GameObject:
  m_ObjectHideFlags: 0
  m_PrefabParentObject: {fileID: 0}
  m_PrefabInternal: {fileID: 100100000}
  serializedVersion: 5
  m_Component:
  - component: {fileID: 470916}
  - component: {fileID: 11466110}
  m_Layer: 8
  m_Name: lbAchievementDescription
  m_TagString: Untagged
  m_Icon: {fileID: 0}
  m_NavMeshLayer: 0
  m_StaticEditorFlags: 0
  m_IsActive: 1
--- !u!1 &170822
GameObject:
  m_ObjectHideFlags: 1
  m_PrefabParentObject: {fileID: 0}
  m_PrefabInternal: {fileID: 100100000}
  serializedVersion: 5
  m_Component:
  - component: {fileID: 422930}
  - component: {fileID: 11433234}
  m_Layer: 8
  m_Name: Sprite
  m_TagString: Untagged
  m_Icon: {fileID: 0}
  m_NavMeshLayer: 0
  m_StaticEditorFlags: 0
  m_IsActive: 1
--- !u!1 &179144
GameObject:
  m_ObjectHideFlags: 1
  m_PrefabParentObject: {fileID: 0}
  m_PrefabInternal: {fileID: 100100000}
  serializedVersion: 5
  m_Component:
  - component: {fileID: 421678}
  - component: {fileID: 11495260}
  - component: {fileID: 114000010544777436}
  m_Layer: 8
  m_Name: lbPlay
  m_TagString: Untagged
  m_Icon: {fileID: 0}
  m_NavMeshLayer: 0
  m_StaticEditorFlags: 0
  m_IsActive: 1
--- !u!1 &188724
GameObject:
  m_ObjectHideFlags: 0
  m_PrefabParentObject: {fileID: 0}
  m_PrefabInternal: {fileID: 100100000}
  serializedVersion: 5
  m_Component:
  - component: {fileID: 441900}
  - component: {fileID: 11427846}
  m_Layer: 8
  m_Name: lbValue
  m_TagString: Untagged
  m_Icon: {fileID: 0}
  m_NavMeshLayer: 0
  m_StaticEditorFlags: 0
  m_IsActive: 1
--- !u!1 &190654
GameObject:
  m_ObjectHideFlags: 1
  m_PrefabParentObject: {fileID: 0}
  m_PrefabInternal: {fileID: 100100000}
  serializedVersion: 5
  m_Component:
  - component: {fileID: 441552}
  - component: {fileID: 114000012950804560}
  m_Layer: 8
  m_Name: bg
  m_TagString: Untagged
  m_Icon: {fileID: 0}
  m_NavMeshLayer: 0
  m_StaticEditorFlags: 0
  m_IsActive: 1
--- !u!1 &192836
GameObject:
  m_ObjectHideFlags: 0
  m_PrefabParentObject: {fileID: 0}
  m_PrefabInternal: {fileID: 100100000}
  serializedVersion: 5
  m_Component:
  - component: {fileID: 478394}
  - component: {fileID: 11458528}
  - component: {fileID: 6191630}
  m_Layer: 8
  m_Name: btnClaim
  m_TagString: Untagged
  m_Icon: {fileID: 0}
  m_NavMeshLayer: 0
  m_StaticEditorFlags: 0
  m_IsActive: 0
--- !u!1 &195114
GameObject:
  m_ObjectHideFlags: 0
  m_PrefabParentObject: {fileID: 0}
  m_PrefabInternal: {fileID: 100100000}
  serializedVersion: 5
  m_Component:
  - component: {fileID: 431916}
  - component: {fileID: 11402646}
  m_Layer: 8
  m_Name: Background
  m_TagString: Untagged
  m_Icon: {fileID: 0}
  m_NavMeshLayer: 0
  m_StaticEditorFlags: 0
  m_IsActive: 1
--- !u!1 &198424
GameObject:
  m_ObjectHideFlags: 0
  m_PrefabParentObject: {fileID: 0}
  m_PrefabInternal: {fileID: 100100000}
  serializedVersion: 5
  m_Component:
  - component: {fileID: 494672}
  - component: {fileID: 11447538}
  - component: {fileID: 11458962}
  m_Layer: 8
  m_Name: AchievementItemView
  m_TagString: Untagged
  m_Icon: {fileID: 0}
  m_NavMeshLayer: 0
  m_StaticEditorFlags: 0
  m_IsActive: 1
--- !u!4 &421678
Transform:
  m_ObjectHideFlags: 1
  m_PrefabParentObject: {fileID: 0}
  m_PrefabInternal: {fileID: 100100000}
  m_GameObject: {fileID: 179144}
  m_LocalRotation: {x: 0, y: 0, z: 0, w: 1}
  m_LocalPosition: {x: 0, y: 0, z: 0}
  m_LocalScale: {x: 1, y: 1, z: 1}
  m_Children: []
  m_Father: {fileID: 478394}
  m_RootOrder: 0
  m_LocalEulerAnglesHint: {x: 0, y: 0, z: 0}
--- !u!4 &422086
Transform:
  m_ObjectHideFlags: 1
  m_PrefabParentObject: {fileID: 0}
  m_PrefabInternal: {fileID: 100100000}
  m_GameObject: {fileID: 147380}
  m_LocalRotation: {x: -0, y: -0, z: -0, w: 1}
  m_LocalPosition: {x: -175, y: -157.79996, z: 0}
  m_LocalScale: {x: 1, y: 1, z: 1}
  m_Children: []
  m_Father: {fileID: 494672}
  m_RootOrder: 6
  m_LocalEulerAnglesHint: {x: 0, y: 0, z: 0}
--- !u!4 &422930
Transform:
  m_ObjectHideFlags: 1
  m_PrefabParentObject: {fileID: 0}
  m_PrefabInternal: {fileID: 100100000}
  m_GameObject: {fileID: 170822}
  m_LocalRotation: {x: 0, y: 0, z: 0, w: 1}
  m_LocalPosition: {x: 0, y: 0, z: 0}
  m_LocalScale: {x: 1, y: 1, z: 1}
  m_Children: []
  m_Father: {fileID: 478394}
  m_RootOrder: 1
  m_LocalEulerAnglesHint: {x: 0, y: 0, z: 0}
--- !u!4 &424412
Transform:
  m_ObjectHideFlags: 1
  m_PrefabParentObject: {fileID: 0}
  m_PrefabInternal: {fileID: 100100000}
  m_GameObject: {fileID: 150324}
  m_LocalRotation: {x: 0, y: 0, z: 0, w: 1}
  m_LocalPosition: {x: 351, y: -140, z: 0}
  m_LocalScale: {x: 1, y: 1, z: 1}
  m_Children:
  - {fileID: 441552}
  m_Father: {fileID: 494672}
  m_RootOrder: 2
  m_LocalEulerAnglesHint: {x: 0, y: 0, z: 0}
--- !u!4 &431916
Transform:
  m_ObjectHideFlags: 1
  m_PrefabParentObject: {fileID: 0}
  m_PrefabInternal: {fileID: 100100000}
  m_GameObject: {fileID: 195114}
  m_LocalRotation: {x: 0, y: 0, z: 0, w: 1}
  m_LocalPosition: {x: 0, y: -106, z: 0}
  m_LocalScale: {x: 2, y: 2, z: 1}
  m_Children: []
  m_Father: {fileID: 494672}
  m_RootOrder: 1
  m_LocalEulerAnglesHint: {x: 0, y: 0, z: 0}
--- !u!4 &434016
Transform:
  m_ObjectHideFlags: 1
  m_PrefabParentObject: {fileID: 0}
  m_PrefabInternal: {fileID: 100100000}
  m_GameObject: {fileID: 139422}
  m_LocalRotation: {x: 0, y: 0, z: 0, w: 1}
  m_LocalPosition: {x: -342, y: -53, z: 0}
  m_LocalScale: {x: 1, y: 1, z: 1}
  m_Children: []
  m_Father: {fileID: 494672}
  m_RootOrder: 3
  m_LocalEulerAnglesHint: {x: 0, y: 0, z: 0}
--- !u!4 &441552
Transform:
  m_ObjectHideFlags: 1
  m_PrefabParentObject: {fileID: 0}
  m_PrefabInternal: {fileID: 100100000}
  m_GameObject: {fileID: 190654}
  m_LocalRotation: {x: 0, y: 0, z: 0, w: 1}
  m_LocalPosition: {x: 0, y: 0, z: 0}
  m_LocalScale: {x: 1, y: 1, z: 1}
  m_Children:
  - {fileID: 4000010652598410}
  m_Father: {fileID: 424412}
  m_RootOrder: 0
  m_LocalEulerAnglesHint: {x: 0, y: 0, z: 0}
--- !u!4 &441900
Transform:
  m_ObjectHideFlags: 1
  m_PrefabParentObject: {fileID: 0}
  m_PrefabInternal: {fileID: 100100000}
  m_GameObject: {fileID: 188724}
  m_LocalRotation: {x: -0, y: -0, z: -0, w: 1}
  m_LocalPosition: {x: -191, y: -158.50009, z: 0}
  m_LocalScale: {x: 1, y: 1, z: 1}
  m_Children: []
  m_Father: {fileID: 494672}
  m_RootOrder: 7
  m_LocalEulerAnglesHint: {x: 0, y: 0, z: 0}
--- !u!4 &470916
Transform:
  m_ObjectHideFlags: 1
  m_PrefabParentObject: {fileID: 0}
  m_PrefabInternal: {fileID: 100100000}
  m_GameObject: {fileID: 164200}
  m_LocalRotation: {x: 0, y: 0, z: 0, w: 1}
  m_LocalPosition: {x: -342, y: -88, z: 0}
  m_LocalScale: {x: 1, y: 1, z: 1}
  m_Children: []
  m_Father: {fileID: 494672}
  m_RootOrder: 4
  m_LocalEulerAnglesHint: {x: 0, y: 0, z: 0}
--- !u!4 &473760
Transform:
  m_ObjectHideFlags: 1
  m_PrefabParentObject: {fileID: 0}
  m_PrefabInternal: {fileID: 100100000}
  m_GameObject: {fileID: 109254}
  m_LocalRotation: {x: -0, y: -0, z: -0, w: 1}
  m_LocalPosition: {x: -228, y: -48, z: 0}
  m_LocalScale: {x: 1, y: 1, z: 1}
  m_Children: []
  m_Father: {fileID: 478394}
  m_RootOrder: 2
  m_LocalEulerAnglesHint: {x: 0, y: 0, z: 0}
--- !u!4 &478394
Transform:
  m_ObjectHideFlags: 1
  m_PrefabParentObject: {fileID: 0}
  m_PrefabInternal: {fileID: 100100000}
  m_GameObject: {fileID: 192836}
  m_LocalRotation: {x: 0, y: 0, z: 0, w: 1}
  m_LocalPosition: {x: 351, y: -140, z: 0}
  m_LocalScale: {x: 1, y: 1, z: 1}
  m_Children:
  - {fileID: 421678}
  - {fileID: 422930}
  - {fileID: 473760}
  m_Father: {fileID: 494672}
  m_RootOrder: 5
  m_LocalEulerAnglesHint: {x: 0, y: 0, z: 0}
--- !u!4 &494672
Transform:
  m_ObjectHideFlags: 1
  m_PrefabParentObject: {fileID: 0}
  m_PrefabInternal: {fileID: 100100000}
  m_GameObject: {fileID: 198424}
  m_LocalRotation: {x: -0, y: -0, z: -0, w: 1}
  m_LocalPosition: {x: -146, y: -1260, z: 0}
  m_LocalScale: {x: 1, y: 1, z: 1}
  m_Children:
  - {fileID: 4000012839662212}
  - {fileID: 431916}
  - {fileID: 424412}
  - {fileID: 434016}
  - {fileID: 470916}
  - {fileID: 478394}
  - {fileID: 422086}
  - {fileID: 441900}
  - {fileID: 4000010784693818}
  m_Father: {fileID: 0}
  m_RootOrder: 0
  m_LocalEulerAnglesHint: {x: 0, y: 0, z: 0}
--- !u!61 &6191630
BoxCollider2D:
  m_ObjectHideFlags: 1
  m_PrefabParentObject: {fileID: 0}
  m_PrefabInternal: {fileID: 100100000}
  m_GameObject: {fileID: 192836}
  m_Enabled: 1
  m_Density: 1
  m_Material: {fileID: 0}
  m_IsTrigger: 1
  m_UsedByEffector: 0
  m_UsedByComposite: 0
  m_Offset: {x: 0, y: 0}
  m_SpriteTilingProperty:
    border: {x: 0, y: 0, z: 0, w: 0}
    pivot: {x: 0, y: 0}
    oldSize: {x: 0, y: 0}
    newSize: {x: 0, y: 0}
    adaptiveTilingThreshold: 0
    drawMode: 0
    adaptiveTiling: 0
  m_AutoTiling: 0
  serializedVersion: 2
  m_Size: {x: 287, y: 118}
  m_EdgeRadius: 0
--- !u!114 &11402646
MonoBehaviour:
  m_ObjectHideFlags: 1
  m_PrefabParentObject: {fileID: 0}
  m_PrefabInternal: {fileID: 100100000}
  m_GameObject: {fileID: 195114}
  m_Enabled: 1
  m_EditorHideFlags: 0
  m_Script: {fileID: 11500000, guid: 1b3dc54f924693f41b5cbecb267e647a, type: 3}
  m_Name: 
  m_EditorClassIdentifier: 
  leftAnchor:
    target: {fileID: 0}
    relative: 0
    absolute: 50
  rightAnchor:
    target: {fileID: 0}
    relative: 1
    absolute: -50
  bottomAnchor:
    target: {fileID: 0}
    relative: 0
    absolute: 48
  topAnchor:
    target: {fileID: 0}
    relative: 1
    absolute: -70
  updateAnchors: 2
  mColor: {r: 1, g: 1, b: 1, a: 1}
  mPivot: 4
  mWidth: 480
  mHeight: 100
  mDepth: -5
  autoResizeBoxCollider: 0
  hideIfOffScreen: 0
  keepAspectRatio: 0
  aspectRatio: 4.8
  mType: 1
  mFillDirection: 4
  mFillAmount: 1
  mInvert: 0
  mFlip: 0
  mApplyGradient: 0
  mGradientTop: {r: 1, g: 1, b: 1, a: 1}
  mGradientBottom: {r: 0.7, g: 0.7, b: 0.7, a: 1}
  centerType: 1
  leftType: 1
  rightType: 1
  bottomType: 1
  topType: 1
  mAtlas: {fileID: 11495632, guid: a2cc20c724719294e8c973a4ed1ecb24, type: 2}
  mSpriteName: panel_bg
  mFillCenter: 1
--- !u!114 &11402744
MonoBehaviour:
  m_ObjectHideFlags: 1
  m_PrefabParentObject: {fileID: 0}
  m_PrefabInternal: {fileID: 100100000}
  m_GameObject: {fileID: 109254}
  m_Enabled: 0
  m_EditorHideFlags: 0
  m_Script: {fileID: 11500000, guid: 1b3dc54f924693f41b5cbecb267e647a, type: 3}
  m_Name: 
  m_EditorClassIdentifier: 
  leftAnchor:
    target: {fileID: 0}
    relative: 0
    absolute: 0
  rightAnchor:
    target: {fileID: 0}
    relative: 1
    absolute: 0
  bottomAnchor:
    target: {fileID: 0}
    relative: 0
    absolute: 0
  topAnchor:
    target: {fileID: 0}
    relative: 1
    absolute: 0
  updateAnchors: 1
  mColor: {r: 1, g: 1, b: 1, a: 1}
  mPivot: 4
  mWidth: 145
  mHeight: 145
  mDepth: 19
  autoResizeBoxCollider: 0
  hideIfOffScreen: 0
  keepAspectRatio: 0
  aspectRatio: 1
  mType: 0
  mFillDirection: 4
  mFillAmount: 1
  mInvert: 0
  mFlip: 0
  mApplyGradient: 0
  mGradientTop: {r: 1, g: 1, b: 1, a: 1}
  mGradientBottom: {r: 0.7, g: 0.7, b: 0.7, a: 1}
  centerType: 1
  leftType: 1
  rightType: 1
  bottomType: 1
  topType: 1
  mAtlas: {fileID: 11495632, guid: a2cc20c724719294e8c973a4ed1ecb24, type: 2}
  mSpriteName: img_achievement_icon_done
  mFillCenter: 1
--- !u!114 &11414930
MonoBehaviour:
  m_ObjectHideFlags: 1
  m_PrefabParentObject: {fileID: 0}
  m_PrefabInternal: {fileID: 100100000}
  m_GameObject: {fileID: 139422}
  m_Enabled: 1
  m_EditorHideFlags: 0
  m_Script: {fileID: 11500000, guid: e9d0b5f3bbe925a408bd595c79d0bf63, type: 3}
  m_Name: 
  m_EditorClassIdentifier: 
  leftAnchor:
    target: {fileID: 0}
    relative: 0
    absolute: 147
  rightAnchor:
    target: {fileID: 0}
    relative: 1
    absolute: -173
  bottomAnchor:
    target: {fileID: 0}
    relative: 0
    absolute: 55
  topAnchor:
    target: {fileID: 0}
    relative: 1
    absolute: -26
  updateAnchors: 0
  mColor: {r: 0.36764705, g: 0.36764705, b: 0.36764705, a: 1}
  mPivot: 3
  mWidth: 630
  mHeight: 76
  mDepth: 30
  autoResizeBoxCollider: 0
  hideIfOffScreen: 0
  keepAspectRatio: 0
  aspectRatio: 8.289474
  keepCrispWhenShrunk: 1
  mTrueTypeFont: {fileID: 0}
  mFont: {fileID: 11409510, guid: 01c971524d7470b438f0e9eb7fdb5095, type: 2}
  mText: One hit - One kill
  mFontSize: 36
  mFontStyle: 0
  mAlignment: 1
  mEncoding: 0
  mMaxLineCount: 0
  mEffectStyle: 0
  mEffectColor: {r: 1, g: 1, b: 1, a: 1}
  mSymbols: 1
  mEffectDistance: {x: 0, y: 2}
  mOverflow: 0
  mMaterial: {fileID: 0}
  mApplyGradient: 0
  mGradientTop: {r: 1, g: 1, b: 1, a: 1}
  mGradientBottom: {r: 0.7, g: 0.7, b: 0.7, a: 1}
  mSpacingX: 0
  mSpacingY: 0
  mUseFloatSpacing: 0
  mFloatSpacingX: 0
  mFloatSpacingY: 0
  mOverflowEllipsis: 0
  mShrinkToFit: 0
  mMaxLineWidth: 0
  mMaxLineHeight: 0
  mLineWidth: 0
  mMultiline: 1
--- !u!114 &11427846
MonoBehaviour:
  m_ObjectHideFlags: 1
  m_PrefabParentObject: {fileID: 0}
  m_PrefabInternal: {fileID: 100100000}
  m_GameObject: {fileID: 188724}
  m_Enabled: 1
  m_EditorHideFlags: 0
  m_Script: {fileID: 11500000, guid: e9d0b5f3bbe925a408bd595c79d0bf63, type: 3}
  m_Name: 
  m_EditorClassIdentifier: 
  leftAnchor:
    target: {fileID: 0}
    relative: 0
    absolute: 0
  rightAnchor:
    target: {fileID: 0}
    relative: 1
    absolute: 0
  bottomAnchor:
    target: {fileID: 0}
    relative: 0
    absolute: 0
  topAnchor:
    target: {fileID: 0}
    relative: 1
    absolute: 0
  updateAnchors: 1
  mColor: {r: 0.42647058, g: 0.42647058, b: 0.42647058, a: 1}
  mPivot: 5
  mWidth: 80
  mHeight: 40
  mDepth: 12
  autoResizeBoxCollider: 0
  hideIfOffScreen: 0
  keepAspectRatio: 0
  aspectRatio: 2
  keepCrispWhenShrunk: 1
  mTrueTypeFont: {fileID: 0}
  mFont: {fileID: 11409510, guid: 01c971524d7470b438f0e9eb7fdb5095, type: 2}
  mText: 500
  mFontSize: 40
  mFontStyle: 0
  mAlignment: 3
  mEncoding: 0
  mMaxLineCount: 0
  mEffectStyle: 0
  mEffectColor: {r: 0, g: 0, b: 0, a: 1}
  mSymbols: 1
  mEffectDistance: {x: 1, y: 1}
  mOverflow: 0
  mMaterial: {fileID: 0}
  mApplyGradient: 0
  mGradientTop: {r: 1, g: 1, b: 1, a: 1}
  mGradientBottom: {r: 0.7, g: 0.7, b: 0.7, a: 1}
  mSpacingX: 0
  mSpacingY: 0
  mUseFloatSpacing: 0
  mFloatSpacingX: 0
  mFloatSpacingY: 0
  mOverflowEllipsis: 0
  mShrinkToFit: 0
  mMaxLineWidth: 0
  mMaxLineHeight: 0
  mLineWidth: 0
  mMultiline: 1
--- !u!114 &11433234
MonoBehaviour:
  m_ObjectHideFlags: 1
  m_PrefabParentObject: {fileID: 0}
  m_PrefabInternal: {fileID: 100100000}
  m_GameObject: {fileID: 170822}
  m_Enabled: 1
  m_EditorHideFlags: 0
  m_Script: {fileID: 11500000, guid: 1b3dc54f924693f41b5cbecb267e647a, type: 3}
  m_Name: 
  m_EditorClassIdentifier: 
  leftAnchor:
    target: {fileID: 0}
    relative: 0
    absolute: 0
  rightAnchor:
    target: {fileID: 0}
    relative: 1
    absolute: 0
  bottomAnchor:
    target: {fileID: 0}
    relative: 0
    absolute: 0
  topAnchor:
    target: {fileID: 0}
    relative: 1
    absolute: 0
  updateAnchors: 1
  mColor: {r: 0.705268, g: 0.4121432, b: 0.8897059, a: 1}
  mPivot: 4
  mWidth: 200
  mHeight: 70
  mDepth: 17
  autoResizeBoxCollider: 0
  hideIfOffScreen: 0
  keepAspectRatio: 0
  aspectRatio: 2.857143
  mType: 1
  mFillDirection: 4
  mFillAmount: 1
  mInvert: 0
  mFlip: 0
  mApplyGradient: 0
  mGradientTop: {r: 1, g: 1, b: 1, a: 1}
  mGradientBottom: {r: 0.7, g: 0.7, b: 0.7, a: 1}
  centerType: 1
  leftType: 1
  rightType: 1
  bottomType: 1
  topType: 1
  mAtlas: {fileID: 11495632, guid: a2cc20c724719294e8c973a4ed1ecb24, type: 2}
  mSpriteName: Rounded Rectangle 2 copy 3
  mFillCenter: 1
--- !u!114 &11447538
MonoBehaviour:
  m_ObjectHideFlags: 1
  m_PrefabParentObject: {fileID: 0}
  m_PrefabInternal: {fileID: 100100000}
  m_GameObject: {fileID: 198424}
  m_Enabled: 1
  m_EditorHideFlags: 0
  m_Script: {fileID: 11500000, guid: 858a20c1b21a3f94bb5b2d3b901c9aaf, type: 3}
  m_Name: 
  m_EditorClassIdentifier: 
  leftAnchor:
    target: {fileID: 0}
    relative: 0
    absolute: 0
  rightAnchor:
    target: {fileID: 0}
    relative: 1
    absolute: 0
  bottomAnchor:
    target: {fileID: 0}
    relative: 0
    absolute: 0
  topAnchor:
    target: {fileID: 0}
    relative: 1
    absolute: 0
  updateAnchors: 1
  mColor: {r: 1, g: 1, b: 1, a: 1}
  mPivot: 1
  mWidth: 960
  mHeight: 180
  mDepth: 0
  autoResizeBoxCollider: 0
  hideIfOffScreen: 0
  keepAspectRatio: 0
  aspectRatio: 5.3333335
--- !u!114 &11456424
MonoBehaviour:
  m_ObjectHideFlags: 1
  m_PrefabParentObject: {fileID: 0}
  m_PrefabInternal: {fileID: 100100000}
  m_GameObject: {fileID: 147380}
  m_Enabled: 1
  m_EditorHideFlags: 0
  m_Script: {fileID: 11500000, guid: 1b3dc54f924693f41b5cbecb267e647a, type: 3}
  m_Name: 
  m_EditorClassIdentifier: 
  leftAnchor:
    target: {fileID: 0}
    relative: 0
    absolute: 0
  rightAnchor:
    target: {fileID: 0}
    relative: 1
    absolute: 0
  bottomAnchor:
    target: {fileID: 0}
    relative: 0
    absolute: 0
  topAnchor:
    target: {fileID: 0}
    relative: 1
    absolute: 0
  updateAnchors: 1
  mColor: {r: 0.9254902, g: 0.31764707, b: 0.31764707, a: 1}
  mPivot: 3
  mWidth: 42
  mHeight: 37
  mDepth: 11
  autoResizeBoxCollider: 0
  hideIfOffScreen: 0
  keepAspectRatio: 1
  aspectRatio: 1.125
  mType: 0
  mFillDirection: 4
  mFillAmount: 1
  mInvert: 0
  mFlip: 0
  mApplyGradient: 0
  mGradientTop: {r: 1, g: 1, b: 1, a: 1}
  mGradientBottom: {r: 0.7, g: 0.7, b: 0.7, a: 1}
  centerType: 1
  leftType: 1
  rightType: 1
  bottomType: 1
  topType: 1
  mAtlas: {fileID: 11495632, guid: a2cc20c724719294e8c973a4ed1ecb24, type: 2}
  mSpriteName: icon_heart
  mFillCenter: 1
--- !u!114 &11458528
MonoBehaviour:
  m_ObjectHideFlags: 1
  m_PrefabParentObject: {fileID: 0}
  m_PrefabInternal: {fileID: 100100000}
  m_GameObject: {fileID: 192836}
  m_Enabled: 1
  m_EditorHideFlags: 0
  m_Script: {fileID: 11500000, guid: 1fdca5042b1d12a4890ec1bd4f04290d, type: 3}
  m_Name: 
  m_EditorClassIdentifier: 
  autoGetTweenTarget: 1
  tweenTarget: {fileID: 170822}
  hover: {r: 0.41079152, g: 0.78300524, b: 0.9632353, a: 1}
  pressed: {r: 0.24978375, g: 0.60167104, b: 0.77205884, a: 1}
  disabledColor: {r: 0.5, g: 0.5, b: 0.5, a: 1}
  duration: 0.2
  dragHighlight: 0
  hoverSprite: 
  pressedSprite: 
  disabledSprite: 
  hoverSprite2D: {fileID: 0}
  pressedSprite2D: {fileID: 0}
  disabledSprite2D: {fileID: 0}
  pixelSnap: 0
  onClick:
  - mTarget: {fileID: 11458962}
    mMethodName: OnClaimButtonClicked
    mParameters: []
    oneShot: 0
--- !u!114 &11458962
MonoBehaviour:
  m_ObjectHideFlags: 1
  m_PrefabParentObject: {fileID: 0}
  m_PrefabInternal: {fileID: 100100000}
  m_GameObject: {fileID: 198424}
  m_Enabled: 1
  m_EditorHideFlags: 0
  m_Script: {fileID: 11500000, guid: 1ddcc0d309cb74f48a7af8cd4de59ab8, type: 3}
  m_Name: 
  m_EditorClassIdentifier: 
  lbTitle: {fileID: 11414930}
  lbDescription: {fileID: 11466110}
  lblProgress: {fileID: 114000013520833604}
  imgCompletedStamp: {fileID: 1000013973411322}
  imgOverlay: {fileID: 114000012950804560}
  index: 0
  rewardDetail: {fileID: 11473972}
  btnClaim: {fileID: 11458528}
--- !u!114 &11466110
MonoBehaviour:
  m_ObjectHideFlags: 1
  m_PrefabParentObject: {fileID: 0}
  m_PrefabInternal: {fileID: 100100000}
  m_GameObject: {fileID: 164200}
  m_Enabled: 1
  m_EditorHideFlags: 0
  m_Script: {fileID: 11500000, guid: e9d0b5f3bbe925a408bd595c79d0bf63, type: 3}
  m_Name: 
  m_EditorClassIdentifier: 
  leftAnchor:
    target: {fileID: 0}
    relative: 0
    absolute: 148
  rightAnchor:
    target: {fileID: 0}
    relative: 1
    absolute: -173
  bottomAnchor:
    target: {fileID: 0}
    relative: 0
    absolute: -1
  topAnchor:
    target: {fileID: 0}
    relative: 1
    absolute: -120
  updateAnchors: 0
  mColor: {r: 0.5514706, g: 0.5514706, b: 0.5514706, a: 1}
  mPivot: 0
  mWidth: 600
  mHeight: 53
  mDepth: 31
  autoResizeBoxCollider: 0
  hideIfOffScreen: 0
  keepAspectRatio: 0
  aspectRatio: 11.320755
  keepCrispWhenShrunk: 1
  mTrueTypeFont: {fileID: 0}
  mFont: {fileID: 11409510, guid: 01c971524d7470b438f0e9eb7fdb5095, type: 2}
  mText: Play 3 times, get 9 crowns
  mFontSize: 28
  mFontStyle: 0
  mAlignment: 1
  mEncoding: 0
  mMaxLineCount: 3
  mEffectStyle: 0
  mEffectColor: {r: 1, g: 1, b: 1, a: 1}
  mSymbols: 1
  mEffectDistance: {x: 0, y: 2}
  mOverflow: 0
  mMaterial: {fileID: 0}
  mApplyGradient: 0
  mGradientTop: {r: 1, g: 1, b: 1, a: 1}
  mGradientBottom: {r: 0.7, g: 0.7, b: 0.7, a: 1}
  mSpacingX: 0
  mSpacingY: 0
  mUseFloatSpacing: 0
  mFloatSpacingX: 0
  mFloatSpacingY: 0
  mOverflowEllipsis: 0
  mShrinkToFit: 0
  mMaxLineWidth: 0
  mMaxLineHeight: 0
  mLineWidth: 0
  mMultiline: 1
--- !u!114 &11473972
MonoBehaviour:
  m_ObjectHideFlags: 1
  m_PrefabParentObject: {fileID: 0}
  m_PrefabInternal: {fileID: 100100000}
  m_GameObject: {fileID: 147380}
  m_Enabled: 1
  m_EditorHideFlags: 0
  m_Script: {fileID: 11500000, guid: 56cdf7c60be0b3e4abefe79fbbb19ae3, type: 3}
  m_Name: 
  m_EditorClassIdentifier: 
  rewardIcon: {fileID: 11456424}
  lbRewardValue: {fileID: 11427846}
  lifeColor: {r: 0.9254902, g: 0.31764707, b: 0.31764707, a: 1}
  rubyColor: {r: 0.6784314, g: 0.39607844, b: 0.827451, a: 1}
--- !u!114 &11495260
MonoBehaviour:
  m_ObjectHideFlags: 1
  m_PrefabParentObject: {fileID: 0}
  m_PrefabInternal: {fileID: 100100000}
  m_GameObject: {fileID: 179144}
  m_Enabled: 1
  m_EditorHideFlags: 0
  m_Script: {fileID: 11500000, guid: e9d0b5f3bbe925a408bd595c79d0bf63, type: 3}
  m_Name: 
  m_EditorClassIdentifier: 
  leftAnchor:
    target: {fileID: 0}
    relative: 0
    absolute: 0
  rightAnchor:
    target: {fileID: 0}
    relative: 1
    absolute: 0
  bottomAnchor:
    target: {fileID: 0}
    relative: 0
    absolute: 0
  topAnchor:
    target: {fileID: 0}
    relative: 1
    absolute: 0
  updateAnchors: 1
  mColor: {r: 1, g: 1, b: 1, a: 1}
  mPivot: 4
  mWidth: 146
  mHeight: 52
  mDepth: 18
  autoResizeBoxCollider: 0
  hideIfOffScreen: 0
  keepAspectRatio: 0
  aspectRatio: 2.8076923
  keepCrispWhenShrunk: 1
  mTrueTypeFont: {fileID: 0}
  mFont: {fileID: 11409510, guid: 01c971524d7470b438f0e9eb7fdb5095, type: 2}
  mText: Claim
  mFontSize: 40
  mFontStyle: 0
  mAlignment: 2
  mEncoding: 1
  mMaxLineCount: 0
  mEffectStyle: 0
  mEffectColor: {r: 0, g: 0, b: 0, a: 0.484}
  mSymbols: 1
  mEffectDistance: {x: 0, y: 4}
  mOverflow: 0
  mMaterial: {fileID: 0}
  mApplyGradient: 0
  mGradientTop: {r: 1, g: 1, b: 1, a: 1}
  mGradientBottom: {r: 0.7, g: 0.7, b: 0.7, a: 1}
  mSpacingX: 0
  mSpacingY: 0
  mUseFloatSpacing: 0
  mFloatSpacingX: 0
  mFloatSpacingY: 0
  mOverflowEllipsis: 0
  mShrinkToFit: 0
  mMaxLineWidth: 0
  mMaxLineHeight: 0
  mLineWidth: 0
  mMultiline: 1
--- !u!1001 &100100000
Prefab:
  m_ObjectHideFlags: 1
  serializedVersion: 2
  m_Modification:
    m_TransformParent: {fileID: 0}
    m_Modifications: []
    m_RemovedComponents: []
  m_ParentPrefab: {fileID: 0}
  m_RootGameObject: {fileID: 198424}
  m_IsPrefabParent: 1
--- !u!1 &1000012183944562
GameObject:
  m_ObjectHideFlags: 1
  m_PrefabParentObject: {fileID: 0}
  m_PrefabInternal: {fileID: 100100000}
  serializedVersion: 5
  m_Component:
  - component: {fileID: 4000011323752758}
  - component: {fileID: 114000010691755930}
  m_Layer: 8
  m_Name: bg
  m_TagString: Untagged
  m_Icon: {fileID: 0}
  m_NavMeshLayer: 0
  m_StaticEditorFlags: 0
  m_IsActive: 1
--- !u!1 &1000012226737258
GameObject:
  m_ObjectHideFlags: 0
  m_PrefabParentObject: {fileID: 0}
  m_PrefabInternal: {fileID: 100100000}
  serializedVersion: 5
  m_Component:
  - component: {fileID: 4000012839662212}
  - component: {fileID: 114000013226510738}
  m_Layer: 8
  m_Name: icon
  m_TagString: Untagged
  m_Icon: {fileID: 0}
  m_NavMeshLayer: 0
  m_StaticEditorFlags: 0
  m_IsActive: 1
--- !u!1 &1000013973411322
GameObject:
  m_ObjectHideFlags: 0
  m_PrefabParentObject: {fileID: 0}
  m_PrefabInternal: {fileID: 100100000}
  serializedVersion: 5
  m_Component:
  - component: {fileID: 4000010784693818}
  - component: {fileID: 114000012213348476}
  - component: {fileID: 114000010673086892}
  m_Layer: 8
  m_Name: lblComplete
  m_TagString: Untagged
  m_Icon: {fileID: 0}
  m_NavMeshLayer: 0
  m_StaticEditorFlags: 0
  m_IsActive: 1
--- !u!1 &1000014271614682
GameObject:
  m_ObjectHideFlags: 1
  m_PrefabParentObject: {fileID: 0}
  m_PrefabInternal: {fileID: 100100000}
  serializedVersion: 5
  m_Component:
  - component: {fileID: 4000010652598410}
  - component: {fileID: 114000013520833604}
  m_Layer: 8
  m_Name: Label
  m_TagString: Untagged
  m_Icon: {fileID: 0}
  m_NavMeshLayer: 0
  m_StaticEditorFlags: 0
  m_IsActive: 1
--- !u!4 &4000010652598410
Transform:
  m_ObjectHideFlags: 1
  m_PrefabParentObject: {fileID: 0}
  m_PrefabInternal: {fileID: 100100000}
  m_GameObject: {fileID: 1000014271614682}
  m_LocalRotation: {x: 0, y: 0, z: 0, w: 1}
  m_LocalPosition: {x: 0, y: 0, z: 0}
  m_LocalScale: {x: 1, y: 1, z: 1}
  m_Children: []
  m_Father: {fileID: 441552}
  m_RootOrder: 0
  m_LocalEulerAnglesHint: {x: 0, y: 0, z: 0}
--- !u!4 &4000010784693818
Transform:
  m_ObjectHideFlags: 1
  m_PrefabParentObject: {fileID: 0}
  m_PrefabInternal: {fileID: 100100000}
  m_GameObject: {fileID: 1000013973411322}
  m_LocalRotation: {x: 0, y: 0, z: 0, w: 1}
  m_LocalPosition: {x: 370, y: -57, z: 0}
  m_LocalScale: {x: 1, y: 1, z: 1}
  m_Children: []
  m_Father: {fileID: 494672}
  m_RootOrder: 8
  m_LocalEulerAnglesHint: {x: 0, y: 0, z: 0}
--- !u!4 &4000011323752758
Transform:
  m_ObjectHideFlags: 1
  m_PrefabParentObject: {fileID: 0}
  m_PrefabInternal: {fileID: 100100000}
  m_GameObject: {fileID: 1000012183944562}
  m_LocalRotation: {x: 0, y: 0, z: 0.7071068, w: 0.7071068}
  m_LocalPosition: {x: 0, y: -1.7, z: 0}
  m_LocalScale: {x: 2, y: 2, z: 1}
  m_Children: []
  m_Father: {fileID: 4000012839662212}
  m_RootOrder: 0
  m_LocalEulerAnglesHint: {x: 0, y: 0, z: 0}
--- !u!4 &4000012839662212
Transform:
  m_ObjectHideFlags: 1
  m_PrefabParentObject: {fileID: 0}
  m_PrefabInternal: {fileID: 100100000}
  m_GameObject: {fileID: 1000012226737258}
  m_LocalRotation: {x: 0, y: 0, z: 0, w: 1}
  m_LocalPosition: {x: -415, y: -100, z: 0}
  m_LocalScale: {x: 1, y: 1, z: 1}
  m_Children:
  - {fileID: 4000011323752758}
  m_Father: {fileID: 494672}
  m_RootOrder: 0
  m_LocalEulerAnglesHint: {x: 0, y: 0, z: 0}
--- !u!114 &114000010544777436
MonoBehaviour:
  m_ObjectHideFlags: 1
  m_PrefabParentObject: {fileID: 0}
  m_PrefabInternal: {fileID: 100100000}
  m_GameObject: {fileID: 179144}
  m_Enabled: 1
  m_EditorHideFlags: 0
  m_Script: {fileID: 11500000, guid: aa69d5b40401f77469779cf7f6fc94a0, type: 3}
  m_Name: 
  m_EditorClassIdentifier: 
  key: pu_daily_claim
--- !u!114 &114000010673086892
MonoBehaviour:
  m_ObjectHideFlags: 1
  m_PrefabParentObject: {fileID: 0}
  m_PrefabInternal: {fileID: 100100000}
  m_GameObject: {fileID: 1000013973411322}
  m_Enabled: 1
  m_EditorHideFlags: 0
  m_Script: {fileID: 11500000, guid: aa69d5b40401f77469779cf7f6fc94a0, type: 3}
  m_Name: 
  m_EditorClassIdentifier: 
  key: 272
--- !u!114 &114000010691755930
MonoBehaviour:
  m_ObjectHideFlags: 1
  m_PrefabParentObject: {fileID: 0}
  m_PrefabInternal: {fileID: 100100000}
  m_GameObject: {fileID: 1000012183944562}
  m_Enabled: 1
  m_EditorHideFlags: 0
  m_Script: {fileID: 11500000, guid: 1b3dc54f924693f41b5cbecb267e647a, type: 3}
  m_Name: 
  m_EditorClassIdentifier: 
  leftAnchor:
    target: {fileID: 0}
    relative: 0
    absolute: 0
  rightAnchor:
    target: {fileID: 0}
    relative: 1
    absolute: 0
  bottomAnchor:
    target: {fileID: 0}
    relative: 0
    absolute: 0
  topAnchor:
    target: {fileID: 0}
    relative: 1
    absolute: 0
  updateAnchors: 1
  mColor: {r: 0.78144, g: 0.61580884, b: 0.9852941, a: 1}
  mPivot: 4
  mWidth: 94
  mHeight: 60
  mDepth: 0
  autoResizeBoxCollider: 0
  hideIfOffScreen: 0
  keepAspectRatio: 0
  aspectRatio: 1.5666667
  mType: 1
  mFillDirection: 4
  mFillAmount: 1
  mInvert: 0
  mFlip: 0
  mApplyGradient: 0
  mGradientTop: {r: 1, g: 1, b: 1, a: 1}
  mGradientBottom: {r: 0.7, g: 0.7, b: 0.7, a: 1}
  centerType: 1
  leftType: 1
  rightType: 1
  bottomType: 1
  topType: 1
  mAtlas: {fileID: 11495632, guid: a2cc20c724719294e8c973a4ed1ecb24, type: 2}
  mSpriteName: popup_header
  mFillCenter: 1
--- !u!114 &114000012213348476
MonoBehaviour:
  m_ObjectHideFlags: 1
  m_PrefabParentObject: {fileID: 0}
  m_PrefabInternal: {fileID: 100100000}
  m_GameObject: {fileID: 1000013973411322}
  m_Enabled: 1
  m_EditorHideFlags: 0
  m_Script: {fileID: 11500000, guid: e9d0b5f3bbe925a408bd595c79d0bf63, type: 3}
  m_Name: 
  m_EditorClassIdentifier: 
  leftAnchor:
    target: {fileID: 0}
    relative: 0
    absolute: 0
  rightAnchor:
    target: {fileID: 0}
    relative: 1
    absolute: 0
  bottomAnchor:
    target: {fileID: 0}
    relative: 0
    absolute: 0
  topAnchor:
    target: {fileID: 0}
    relative: 1
    absolute: 0
  updateAnchors: 1
  mColor: {r: 0.4116566, g: 0.6911765, b: 0.5061151, a: 1}
  mPivot: 4
  mWidth: 176
  mHeight: 50
  mDepth: 32
  autoResizeBoxCollider: 0
  hideIfOffScreen: 0
  keepAspectRatio: 0
  aspectRatio: 3.52
  keepCrispWhenShrunk: 1
  mTrueTypeFont: {fileID: 0}
  mFont: {fileID: 11409510, guid: 01c971524d7470b438f0e9eb7fdb5095, type: 2}
  mText: Complete
  mFontSize: 32
  mFontStyle: 0
  mAlignment: 0
  mEncoding: 1
  mMaxLineCount: 0
  mEffectStyle: 0
  mEffectColor: {r: 0, g: 0, b: 0, a: 1}
  mSymbols: 1
  mEffectDistance: {x: 1, y: 1}
  mOverflow: 0
  mMaterial: {fileID: 0}
  mApplyGradient: 0
  mGradientTop: {r: 1, g: 1, b: 1, a: 1}
  mGradientBottom: {r: 0.7, g: 0.7, b: 0.7, a: 1}
  mSpacingX: 0
  mSpacingY: 0
  mUseFloatSpacing: 0
  mFloatSpacingX: 0
  mFloatSpacingY: 0
  mOverflowEllipsis: 0
  mShrinkToFit: 0
  mMaxLineWidth: 0
  mMaxLineHeight: 0
  mLineWidth: 0
  mMultiline: 1
--- !u!114 &114000012950804560
MonoBehaviour:
  m_ObjectHideFlags: 1
  m_PrefabParentObject: {fileID: 0}
  m_PrefabInternal: {fileID: 100100000}
  m_GameObject: {fileID: 190654}
  m_Enabled: 1
  m_EditorHideFlags: 0
  m_Script: {fileID: 11500000, guid: 1b3dc54f924693f41b5cbecb267e647a, type: 3}
  m_Name: 
  m_EditorClassIdentifier: 
  leftAnchor:
    target: {fileID: 0}
    relative: 0
    absolute: 0
  rightAnchor:
    target: {fileID: 0}
    relative: 1
    absolute: 0
  bottomAnchor:
    target: {fileID: 0}
    relative: 0
    absolute: 0
  topAnchor:
    target: {fileID: 0}
    relative: 1
    absolute: 0
  updateAnchors: 1
  mColor: {r: 0.6838996, g: 0.5341155, b: 0.8161765, a: 1}
  mPivot: 4
  mWidth: 200
  mHeight: 70
  mDepth: 0
  autoResizeBoxCollider: 0
  hideIfOffScreen: 0
  keepAspectRatio: 0
  aspectRatio: 2.857143
  mType: 1
  mFillDirection: 4
  mFillAmount: 1
  mInvert: 0
  mFlip: 0
  mApplyGradient: 0
  mGradientTop: {r: 1, g: 1, b: 1, a: 1}
  mGradientBottom: {r: 0.7, g: 0.7, b: 0.7, a: 1}
  centerType: 1
  leftType: 1
  rightType: 1
  bottomType: 1
  topType: 1
  mAtlas: {fileID: 11495632, guid: a2cc20c724719294e8c973a4ed1ecb24, type: 2}
  mSpriteName: Rounded Rectangle 2 copy 3
  mFillCenter: 1
--- !u!114 &114000013226510738
MonoBehaviour:
  m_ObjectHideFlags: 1
  m_PrefabParentObject: {fileID: 0}
  m_PrefabInternal: {fileID: 100100000}
  m_GameObject: {fileID: 1000012226737258}
  m_Enabled: 1
  m_EditorHideFlags: 0
  m_Script: {fileID: 11500000, guid: 1b3dc54f924693f41b5cbecb267e647a, type: 3}
  m_Name: 
  m_EditorClassIdentifier: 
  leftAnchor:
    target: {fileID: 0}
    relative: 0
    absolute: 0
  rightAnchor:
    target: {fileID: 0}
    relative: 1
    absolute: 0
  bottomAnchor:
    target: {fileID: 0}
    relative: 0
    absolute: 0
  topAnchor:
    target: {fileID: 0}
    relative: 1
    absolute: 0
  updateAnchors: 1
  mColor: {r: 0.90436995, g: 0.74070066, b: 1, a: 1}
  mPivot: 4
  mWidth: 100
  mHeight: 100
  mDepth: 32
  autoResizeBoxCollider: 0
  hideIfOffScreen: 0
  keepAspectRatio: 0
  aspectRatio: 1
  mType: 0
  mFillDirection: 4
  mFillAmount: 1
  mInvert: 0
  mFlip: 0
  mApplyGradient: 0
  mGradientTop: {r: 1, g: 1, b: 1, a: 1}
  mGradientBottom: {r: 0.7, g: 0.7, b: 0.7, a: 1}
  centerType: 1
  leftType: 1
  rightType: 1
  bottomType: 1
  topType: 1
  mAtlas: {fileID: 11495632, guid: a2cc20c724719294e8c973a4ed1ecb24, type: 2}
  mSpriteName: achievement
  mFillCenter: 1
--- !u!114 &114000013520833604
MonoBehaviour:
  m_ObjectHideFlags: 1
  m_PrefabParentObject: {fileID: 0}
  m_PrefabInternal: {fileID: 100100000}
  m_GameObject: {fileID: 1000014271614682}
  m_Enabled: 1
  m_EditorHideFlags: 0
  m_Script: {fileID: 11500000, guid: e9d0b5f3bbe925a408bd595c79d0bf63, type: 3}
  m_Name: 
  m_EditorClassIdentifier: 
  leftAnchor:
    target: {fileID: 0}
    relative: 0
    absolute: 0
  rightAnchor:
    target: {fileID: 0}
    relative: 1
    absolute: 0
  bottomAnchor:
    target: {fileID: 0}
    relative: 0
    absolute: 0
  topAnchor:
    target: {fileID: 0}
    relative: 1
    absolute: 0
  updateAnchors: 1
  mColor: {r: 1, g: 1, b: 1, a: 1}
  mPivot: 4
  mWidth: 232
  mHeight: 72
  mDepth: 1
  autoResizeBoxCollider: 0
  hideIfOffScreen: 0
  keepAspectRatio: 0
  aspectRatio: 3.2222223
  keepCrispWhenShrunk: 1
  mTrueTypeFont: {fileID: 0}
  mFont: {fileID: 11409510, guid: 01c971524d7470b438f0e9eb7fdb5095, type: 2}
  mText: 80%
  mFontSize: 32
  mFontStyle: 0
  mAlignment: 0
  mEncoding: 1
  mMaxLineCount: 0
  mEffectStyle: 0
  mEffectColor: {r: 0, g: 0, b: 0, a: 1}
  mSymbols: 1
  mEffectDistance: {x: 1, y: 1}
  mOverflow: 0
  mMaterial: {fileID: 0}
  mApplyGradient: 0
  mGradientTop: {r: 1, g: 1, b: 1, a: 1}
  mGradientBottom: {r: 0.7, g: 0.7, b: 0.7, a: 1}
  mSpacingX: 0
  mSpacingY: 0
  mUseFloatSpacing: 0
  mFloatSpacingX: 0
  mFloatSpacingY: 0
  mOverflowEllipsis: 0
  mShrinkToFit: 0
  mMaxLineWidth: 0
  mMaxLineHeight: 0
  mLineWidth: 0
  mMultiline: 1
